<record xmlns="http://www.loc.gov/MARC21/slim" xmlns:xsi="http://www.w3.org/2001/XMLSchema-instance" xsi:schemaLocation="http://www.loc.gov/MARC21/slim http://www.loc.gov/standards/marcxml/schema/MARC21slim.xsd"><leader>02415nam a2200469   4500</leader><controlfield tag="001">1663599</controlfield><controlfield tag="003">NIC</controlfield><controlfield tag="006">m        d        </controlfield><controlfield tag="007">cr cn |||m|||a</controlfield><controlfield tag="008">150113m19729999iq      obd   001 0 ara  </controlfield><datafield ind1=" " ind2=" " tag="040"><subfield code="a">NNU</subfield><subfield code="b">eng</subfield><subfield code="e">rda</subfield><subfield code="c">NNU</subfield></datafield><datafield ind1="0" ind2="0" tag="050"><subfield code="a">PJ6622</subfield><subfield code="b">.A5 1972</subfield></datafield><datafield ind1="0" ind2=" " tag="100"><subfield code="6">880-01</subfield><subfield code="a">Anista&#772;s Ma&#772;ri&#772;,</subfield><subfield code="c">al-Karmili&#772;, ab,</subfield><subfield code="d">1866-1947.</subfield></datafield><datafield ind1="1" ind2="3" tag="245"><subfield code="6">880-02</subfield><subfield code="a">al-Musa&#772;&#699;id /</subfield><subfield code="c">ta&#700;li&#772;f Anista&#772;s Ma&#772;ri&#772; al-Kirmili&#772; ; h&#803;aqqaqahu wa-&#699;allaqa &#699;ala&#769; faha&#772;risih Ku&#772;rki&#772;s &#699;Awwa&#772;d, &#699;Abd al-H&#803;ami&#772;d al-&#699;Alwaji&#772;.</subfield></datafield><datafield ind1=" " ind2=" " tag="260"><subfield code="6">880-03</subfield><subfield code="a">Baghda&#772;d :</subfield><subfield code="b">Wiza&#772;rat al-I&#699;la&#772;m,</subfield><subfield code="c">1972-</subfield></datafield><datafield ind1=" " ind2=" " tag="300"><subfield code="a">online resource (volumes)</subfield></datafield><datafield ind1=" " ind2=" " tag="336"><subfield code="a">text</subfield><subfield code="2">rdacontent</subfield></datafield><datafield ind1=" " ind2=" " tag="337"><subfield code="a">computer</subfield><subfield code="2">rdamedia</subfield></datafield><datafield ind1=" " ind2=" " tag="338"><subfield code="a">online resource</subfield><subfield code="2">rdacarrier</subfield></datafield><datafield ind1="1" ind2=" " tag="490"><subfield code="6">880-04</subfield><subfield code="a">Silsilat al-ma&#699;a&#772;jim wa-al-faha&#772;ris ;</subfield><subfield code="v">4</subfield></datafield><datafield ind1=" " ind2=" " tag="500"><subfield code="a">Part of the Arabic Collections Online (ACO) project, contributed by Cornell University Libraries.</subfield></datafield><datafield ind1=" " ind2=" " tag="504"><subfield code="a">Includes bibliographical references and indexes.</subfield></datafield><datafield ind1=" " ind2=" " tag="533"><subfield code="a">Electronic reproduction.</subfield><subfield code="b">New York, N.Y. :</subfield><subfield code="c">New York University,</subfield><subfield code="d">2015.</subfield><subfield code="5">NNU</subfield></datafield><datafield ind1=" " ind2="0" tag="650"><subfield code="a">Arabic language</subfield><subfield code="v">Dictionaries.</subfield></datafield><datafield ind1=" " ind2="7" tag="650"><subfield code="a">Arabic language.</subfield><subfield code="2">fast</subfield><subfield code="0">(OCoLC)fst00812287</subfield></datafield><datafield ind1=" " ind2="7" tag="655"><subfield code="a">Dictionaries.</subfield><subfield code="2">fast</subfield><subfield code="0">(OCoLC)fst01423826</subfield></datafield><datafield ind1="1" ind2=" " tag="700"><subfield code="6">880-05</subfield><subfield code="a">&#699;Awwa&#772;d, Ku&#772;rki&#772;s.</subfield></datafield><datafield ind1="1" ind2=" " tag="700"><subfield code="6">880-06</subfield><subfield code="a">&#699;Alwachi&#772;, &#699;Abd al-H&#803;ami&#772;d.</subfield></datafield><datafield ind1="2" ind2=" " tag="710"><subfield code="a">Cornell University.</subfield><subfield code="b">Libraries.</subfield></datafield><datafield ind1="0" ind2=" " tag="730"><subfield code="a">Arabic Collections Online.</subfield></datafield><datafield ind1="0" ind2="8" tag="776"><subfield code="i">Print version:</subfield><subfield code="a">Anista&#772;s Ma&#772;ri&#772;, al-Karmili&#772;, ab, 1866-1947.</subfield><subfield code="t">al-Musa&#772;&#699;id</subfield><subfield code="w">(NIC)1663599</subfield><subfield code="w">(DLC)   73200253 </subfield><subfield code="w">(OCoLC)39497801</subfield></datafield><datafield ind1=" " ind2="0" tag="830"><subfield code="6">880-07</subfield><subfield code="a">Silsilat al-ma&#699;a&#772;jim wa-al-faha&#772;ris ;</subfield><subfield code="v">4.</subfield></datafield><datafield ind1="4" ind2="0" tag="856"><subfield code="u">http://hdl.handle.net/2333.1/x3ffbjhx</subfield></datafield><datafield ind1="0" ind2=" " tag="880"><subfield code="6">100-01/r</subfield><subfield code="a">&#1575;&#1606;&#1587;&#1578;&#1575;&#1587; &#1605;&#1575;&#1585;&#1610;&#1548;</subfield><subfield code="c">&#1575;&#1604;&#1603;&#1585;&#1605;&#1604;&#1610;&#1548; &#1575;&#1576;&#1548;,</subfield><subfield code="d">1866-1947.</subfield></datafield><datafield ind1="1" ind2="2" tag="880"><subfield code="6">245-02/r</subfield><subfield code="a">&#1575;&#1604;&#1605;&#1587;&#1575;&#1593;&#1583; /</subfield><subfield code="c">&#1578;&#1571;&#1604;&#1610;&#1601; &#1571;&#1606;&#1587;&#1578;&#1575;&#1587; &#1605;&#1575;&#1585;&#1610; &#1575;&#1604;&#1603;&#1585;&#1605;&#1604;&#1610; &#1563; &#1581;&#1602;&#1602;&#1607; &#1608;&#1593;&#1604;&#1602; &#1593;&#1604;&#1610; &#1601;&#1607;&#1575;&#1585;&#1587;&#1607; &#1603;&#1608;&#1585;&#1603;&#1610;&#1587; &#1593;&#1608;&#1575;&#1583;&#1548; &#1593;&#1576;&#1583; &#1575;&#1604;&#1581;&#1605;&#1610;&#1583; &#1575;&#1604;&#1593;&#1604;&#1608;&#1580;&#1610;.</subfield></datafield><datafield ind1=" " ind2=" " tag="880"><subfield code="6">260-03/r</subfield><subfield code="a">&#1576;&#1594;&#1583;&#1575;&#1583; :</subfield><subfield code="b">&#1608;&#1586;&#1575;&#1585;&#1577; &#1575;&#1604;&#1575;&#1593;&#1604;&#1575;&#1605;&#1548;</subfield><subfield code="c">1972-</subfield></datafield><datafield ind1="1" ind2=" " tag="880"><subfield code="6">490-04/r</subfield><subfield code="a">&#1587;&#1604;&#1587;&#1604;&#1577; &#1575;&#1604;&#1605;&#1593;&#1575;&#1580;&#1605; &#1608;&#1575;&#1604;&#1601;&#1607;&#1575;&#1585;&#1587; &#1563;</subfield><subfield code="v">4</subfield></datafield><datafield ind1="1" ind2=" " tag="880"><subfield code="6">700-05/r</subfield><subfield code="a">&#1593;&#1608;&#1575;&#1583;&#1548; &#1603;&#1608;&#1585;&#1603;&#1610;&#1587;.</subfield></datafield><datafield ind1="1" ind2=" " tag="880"><subfield code="6">700-06/r</subfield><subfield code="a">&#1593;&#1604;&#1608;&#1580;&#1610;&#1548; &#1593;&#1576;&#1583; &#1575;&#1604;&#1581;&#1605;&#1610;&#1583;.</subfield></datafield><datafield ind1=" " ind2="0" tag="880"><subfield code="6">830-07/r</subfield><subfield code="a">&#1587;&#1604;&#1587;&#1604;&#1577; &#1575;&#1604;&#1605;&#1593;&#1575;&#1580;&#1605; &#1608;&#1575;&#1604;&#1601;&#1607;&#1575;&#1585;&#1587; &#1563; ;</subfield><subfield code="v">4.</subfield></datafield><datafield ind1=" " ind2=" " tag="959"><subfield code="a">NNU</subfield><subfield code="b">WEB</subfield><subfield code="c">GENI</subfield><subfield code="t">0</subfield><subfield code="m">Electronic access</subfield><subfield code="s">01</subfield></datafield><datafield ind1=" " ind2=" " tag="999"><subfield code="i">NIC_1663599</subfield><subfield code="o">(OCoLC)ocm39497801 </subfield></datafield></record>